<record><leader>00000cas a22000007a 4500</leader><controlfield tag="001">12096819</controlfield><controlfield tag="008">850530u1849uuuualuwr ne      0    0eng d</controlfield><datafield ind1=" " ind2=" " tag="010"><subfield code="a">sn 85044649 </subfield></datafield><datafield ind1=" " ind2=" " tag="040"><subfield code="a">ALM</subfield><subfield code="b">eng</subfield><subfield code="c">ALM</subfield><subfield code="d">CPN</subfield><subfield code="d">OCLCQ</subfield></datafield><datafield ind1=" " ind2=" " tag="042"><subfield code="a">msc</subfield></datafield><datafield ind1="0" ind2="4" tag="245"><subfield code="a">The Choctaw messenger &amp; journal.</subfield></datafield><datafield ind1="3" ind2="0" tag="246"><subfield code="a">Choctaw messenger and journal</subfield></datafield><datafield ind1="1" ind2="3" tag="246"><subfield code="a">Messenger &amp; journal</subfield></datafield><datafield ind1="1" ind2="3" tag="246"><subfield code="a">Choctaw journal</subfield></datafield><datafield ind1=" " ind2=" " tag="260"><subfield code="a">Mount Sterling, Ala. :</subfield><subfield code="b">S.B. Paschal</subfield></datafield><datafield ind1=" " ind2=" " tag="300"><subfield code="a">v.</subfield></datafield><datafield ind1=" " ind2=" " tag="310"><subfield code="a">Weekly</subfield></datafield><datafield ind1="1" ind2=" " tag="362"><subfield code="a">Began in 1849.</subfield><subfield code="z">Cf. Gregory, W. Amer. newspapers.</subfield></datafield><datafield ind1=" " ind2=" " tag="500"><subfield code="a">Editor: William C. Chiles.</subfield></datafield><datafield ind1=" " ind2=" " tag="588"><subfield code="a">Description based on: Vol. 1, no. 22 (July 31, 1849).</subfield></datafield><datafield ind1="1" ind2=" " tag="700"><subfield code="a">Chiles, William C.</subfield></datafield><datafield ind1=" " ind2=" " tag="752"><subfield code="a">United States</subfield><subfield code="b">Alabama</subfield><subfield code="c">Choctaw</subfield><subfield code="d">Mount Sterling.</subfield></datafield><datafield ind1="1" ind2=" " tag="029"><subfield code="a">AU@</subfield><subfield code="b">000025828457</subfield></datafield></record>